@misc{chinatimes2019,
  author = {中時新聞網},
  year = {2019},
  url = {https://www.chinatimes.com/newspapers/20190304000187-260309?chdtv}
}

@misc{cna_2022,
  author = {中央通訊社},
  year = {2022},
  url  = {https://www.cna.com.tw/news/asoc/202210030248.aspx}
}

@misc{tai_2021,
  author = {臺中市政府全球資訊網},
  year = {2021},
  url  = {https://www.taichung.gov.tw/1783403/post}
}

@misc{zhao_2013,
  author = {趙健哲 and 鄭傑文 and 陳詹閔 and 王匯智 and 林義乾 and 莊子毅 and 鄭傑中 and 彭念豪},
  title = {航空攝影測量學講義},
  year = {2013},
  month = {09},
  publisher = {中華民國地籍測量學會},
}

@mastersthesis{cao_2018,
  author = {曹博舜},
  title = {以保距空拍影像拼接提供地面物件定位},
  school = {國立交通大學},
  year = {2018},
}

@misc{egnss_2020,
  author = {內政部國土測繪中心},
  title = {e-GNSS 即時動態定位系統入口網站},
  year = {2020},
  howpublished = {\url{https://egnss.nlsc.gov.tw}},
}

@article{ren_2015,
  author = {S. Ren and K. He and R. Girshick and J. Sun},
  title = {Faster R-CNN: Towards real-time object detection with region proposal networks},
  journal = {arXiv:1506.01497 [cs.CV]},
  year = {2015},
}

@misc{jocher_2023,
  author = {Jocher, G. and Chaurasia, A. and Qiu, J.},
  title = {YOLO by Ultralytics},
  year = {2023},
  note = https://github.com/ultralytics/ultralytics,
}

@misc{mavproxy_2023,
  title = {MAVProxy - ARDUPILOT},
  year = {2023},
  note = {https://ardupilot.org/mavproxy/},
}

@misc{pixhawk_2023,
  author = {Pixhawk},
  title = {Pixhawk 2.1 Cube Mission Planner Voltage and Current Problem},
  year = {2023},
  note = {\url{https://discuss.px4.io/t/pixhawk-2-1-cube-mission-planner-voltage-and-current-problem/8178}},
}

@article{lin_2001,
  author = {Sheng-Fuu Lin and Jaw-Yeh Chen and Hung-Xin Chao},
  title = {Estimation of number of people in crowded scenes using perspective transformation},
  journal = {IEEE},
  volume = {31},
  number = {6},
  year = {2001},
}

@misc{wang_2020,
  author = {王祥宇},
  title = {關於透視變換原理及應用},
  year = {2020},
  howpublished = {\url{https://www.tpisoftware.com/tpu/articleDetails/1977}},
}

@inproceedings{wang2023yolov7,
  title={YOLOv7: Trainable bag-of-freebies sets new state-of-the-art for real-time object detectors},
  author={Wang, Chien-Yao and Bochkovskiy, Alexey and Liao, Hong-Yuan Mark},
  booktitle={Proceedings of the IEEE/CVF conference on computer vision and pattern recognition},
  pages={7464--7475},
  year={2023}
}

@misc{tencent2023,
  author = {deephub},
  year = {2023},
  url = {https://cloud.tencent.com/developer/article/2212232?areaSource=104001.4&traceId=bTXJdiCqPM48qF63XTtFY}
}

@misc{hackmd,
  author = {YungHuiHsu},
  year = {2019},
  url = {https://hackmd.io/xhLeIsoSToW0jL61QRWDcQ}
}

@misc{egnss_2020,
  author = {內政部國土測繪中心},
  year = {2020},
  url = {https://egnss.nlsc.gov.tw}
}

@article{tsao2018,
  title={以保距空拍影像拼接提供地面物件定位},
  author={Tsao, Paul},
  journal={交通大學網路工程研究所學位論文},
  year={2018},
  publisher={國立交通大學}
}

@book{zhao2013,
  author    = {趙健哲 and 鄭傑文 and 陳詹閔 and 王匯智 and 林義乾 and 莊子毅 and 鄭傑中 and 彭念豪},
  title     = {航空攝影測量學講義},
  year      = {2013},
  month     = {9},
  publisher = {中華民國地籍測量學會}
}

@article{chen2011,
  title={基於雲端運算之即時影音串流轉碼服務平台之研製},
  author={陳嘉祥},
  journal={交通大學網路工程研究所學位論文},
  year={2011},
  publisher={國立清華大學資訊工程學系}
}

@misc{mark2018,
  author = {30-14之 RTMP 傳輸協議},
  year = {2018},
  url = {https://ithelp.ithome.com.tw/articles/10206368}
}

@misc{logitech,
  author = {logitech},
  title = {Logitech C922 PRO STREAM 直播攝影機},
  url = {https://store.logitech.tw/products/c922-pro-stream-網路攝影機}
}

@article{bertozz1998stereo,
  title={Stereo inverse perspective mapping: theory and applications},
  author={Bertozz, Massimo and Broggi, Alberto and Fascioli, Alessandra},
  journal={Image and vision computing},
  volume={16},
  number={8},
  pages={585--590},
  year={1998},
  publisher={Elsevier}
}

@article{mallot1991inverse,
  title={Inverse perspective mapping simplifies optical flow computation and obstacle detection},
  author={Mallot, Hanspeter A and B{\"u}lthoff, Heinrich H and Little, James J and Bohrer, Stefan},
  journal={Biological cybernetics},
  volume={64},
  number={3},
  pages={177--185},
  year={1991},
  publisher={Springer}
}

@misc{pyproj,
  author = {pyproj},
  title = {pyproj Documentation},
  url = {https://pyproj4.github.io/pyproj/stable/}
}

@misc{QGIS_software,
  title = {QGIS Geographic Information System},
  author = {{QGIS Development Team}},
  year = {2021},
  url = {https://www.qgis.org},
}
@misc{qgis_2020,
  title = {QGIS Official Website},
  year = {2020},
  url = {https://qgis.org/en/site/about/index.html},
}
