%\cite{storm_vending_machine_2019}
@misc{csdn_vending_machine_design_2025,
  author       = {CSDN},
  title        = {自动售货机系统设计：掌握需求到架构的全面解析，打造极致用户体验},
  url          = {https://wenku.csdn.net/column/65qmzxzehf},
}

@misc{lazada_vending_machine_2025,
  author       = {Lazada},
  title        = {Vending Machine DC 12V and a Spiral Spring Set Arcade Game Coin Operated Machine Accessories Casino Selling Goods Machine},
  url          = {https://www.lazada.com.ph/products/vending-machine-dc-12v-and-a-spiral-spring-set-arcade-game-coin-operated-machine-accessories-casino-selling-goods-machine-i3196798144.html},
}

@misc{chengli_ticket_machine_2025,
  author       = {程力科技有限公司},
  title        = {智能售票機},
  url          = {https://www.cheng-li93367164.com.tw/products_detail/77},
}
@misc{eprice_cashless_vending_machine_2025,
  author       = {ePrice 生活討論區},
  title        = {霸氣任性不收現金的販賣機},
  url          = {https://m.eprice.com.tw/life/talk/6/5518840/1},
}

@misc{storm_vending_machine_2019,
  author       = {風傳媒},
  title        = {日本販賣機大解密！從零食到生鮮，這些販賣機你見過嗎？},
  url          = {https://www.storm.mg/lifestyle/719773},
}

@misc{taobao_product_2025,
  author       = {淘寶網},
  title        = {商品編號 547731762321},
  url          = {https://world.taobao.com/item/547731762321.htm},
}
